@STRING{ann = {Annual}}
@STRING{proc = {Proceedings of the}}
@STRING{focs = {IEEE Symposium on Foundations of Computer Science}}
@STRING{focs12 = proc # { 53rd } # ann # { } # focs}
@STRING{focs13 = proc # { 54th } # ann # { } # focs}
@STRING{stoc = {ACM Symposium on Theory of Computing}}
@STRING{stoc12 = proc # { 44th } # ann # { } # stoc}
@STRING{stoc13 = proc # { 45th } # ann # { } # stoc}

@article{Yang09Cache,
  author    = {Chul{-}Woong Yang and
               Ki Yong Lee and
               Yon Dohn Chung and
               Myoung{-}Ho Kim and
               Yoon{-}Joon Lee},
  title     = {An Effective Self-Adaptive Admission Control Algorithm for Large Web
               Caches},
  journal   = {{IEICE} Transactions},
  volume    = {92-D},
  number    = {4},
  pages     = {732--735},
  year      = {2009},
  url       = {http://search.ieice.org/bin/summary.php?id=e92-d_4_732&category=D&year=2009&lang=E&abst=},
  timestamp = {Thu, 30 Jul 2009 10:49:43 +0200},
  biburl    = {http://dblp.uni-trier.de/rec/bib/journals/ieicet/YangLCKL09},
  bibsource = {dblp computer science bibliography, http://dblp.org}
}

@article{Yang09Forest,
  author    = {Chul{-}Woong Yang and
               Ki Yong Lee and
               Myoung{-}Ho Kim and
               Yoon{-}Joon Lee},
  title     = {Dynamic Forest: An Efficient Index Structure for {NAND} Flash Memory},
  journal   = {{IEICE} Transactions},
  volume    = {92-D},
  number    = {5},
  pages     = {1181--1185},
  year      = {2009},
  url       = {http://search.ieice.org/bin/summary.php?id=e92-d_5_1181&category=D&year=2009&lang=E&abst=},
  timestamp = {Thu, 30 Jul 2009 10:49:43 +0200},
  biburl    = {http://dblp.uni-trier.de/rec/bib/journals/ieicet/YangLKL09a},
  bibsource = {dblp computer science bibliography, http://dblp.org}
}

@article{Yang09Hash,
  author    = {Chul{-}Woong Yang and
               Ki Yong Lee and
               Myoung{-}Ho Kim and
               Yoon{-}Joon Lee},
  title     = {An Efficient Dynamic Hash Index Structure for {NAND} Flash Memory},
  journal   = {{IEICE} Transactions},
  volume    = {92-A},
  number    = {7},
  pages     = {1716--1719},
  year      = {2009},
  url       = {http://search.ieice.org/bin/summary.php?id=e92-a_7_1716&category=A&year=2009&lang=E&abst=},
  timestamp = {Thu, 30 Jul 2009 09:53:30 +0200},
  biburl    = {http://dblp.uni-trier.de/rec/bib/journals/ieicet/YangLKL09},
  bibsource = {dblp computer science bibliography, http://dblp.org}
}

