@book{ KLR96,
  author = {Donald E. Knuth and Tracy L. Larrabee and Paul M. Roberts}, 
  title = {Mathematical Writing},
  publisher = {MAA},
  year = {1989},
  address = {Washington, D.C.}
}

@misc{ OPHS08,
  author = {Tobias Oetiker and Hubert Partl and Irene Hyna and Elisabeth Schlegl},
  title = {{The Not So Short Introduction to \LaTeXe}},
  howpublished = {\url{http://tobi.oetiker.ch/lshort/lshort.pdf}},
  year = {2008}
}

